@inproceedings{lorenz2018robocup,
  title={The RoboCup Rescue Victim Dataset},
  author={Lorenz, Peter and Steinbauer, Gerald},
  booktitle={2018 IEEE International Symposium on Safety, Security, and Rescue Robotics (SSRR)},
  pages={1--6},
  year={2018},
  organization={IEEE}
}


@article {Sheh2016RoboCupRescue,
	title = {16 Years of RoboCup Rescue},
	journal = {KI-K{\"u}nstliche Intelligenz},
	volume = {30},
	year = {2016},
	pages = {267{\textendash}277},
	author = {Sheh, Raymond and Schwertfeger, S{\"o}ren and Visser, Arnoud}
}


@INPROCEEDINGS{KohlbrecherMeyerStrykKlingaufFlexibleSlamSystem2011,
  author = {S. Kohlbrecher and J. Meyer and O. von Stryk and U. Klingauf},
  title = {A Flexible and Scalable SLAM System with Full 3D Motion Estimation},
  year = {2011},
  month = {November},
  booktitle = {Proc. IEEE International Symposium on Safety, Security and Rescue Robotics (SSRR)},
  organization = {IEEE},
}


@INPROCEEDINGS{990517,
author={Viola, P. and Jones, M.},
booktitle={Computer Vision and Pattern Recognition, 2001. CVPR 2001. Proceedings of the 2001 IEEE Computer Society Conference on},
title={Rapid object detection using a boosted cascade of simple features},
year={2001},
volume={1},
pages={I-511-I-518 vol.1},
keywords={feature extraction;image classification;image representation;learning (artificial intelligence);object detection;AdaBoost;background regions;boosted simple feature cascade;classifiers;face detection;image processing;image representation;integral image;machine learning;object specific focus-of-attention mechanism;rapid object detection;real-time applications;statistical guarantees;visual object detection;Detectors;Face detection;Filters;Focusing;Image representation;Machine learning;Object detection;Pixel;Robustness;Skin},
doi={10.1109/CVPR.2001.990517},
ISSN={1063-6919},
month={},}

@INPROCEEDINGS{1038171,
author={Lienhart, R. and Maydt, J.},
booktitle={Image Processing. 2002. Proceedings. 2002 International Conference on},
title={An extended set of Haar-like features for rapid object detection},
year={2002},
volume={1},
pages={I-900-I-903 vol.1},
keywords={Haar transforms;face recognition;feature extraction;image classification;object detection;Haar-like features;boosted cascade;false alarm rate;feature classifiers;hit rate;multi-stage classification;post optimization procedure;rapid object detection;sample face detector;Chromium;Detectors;Face detection;Humans;Object detection;Prototypes;Table lookup;Testing},
doi={10.1109/ICIP.2002.1038171},
ISSN={1522-4880},
month={},}

@incollection{Lee2007LBP,
year={2007},
isbn={978-3-540-74548-8},
booktitle={Advances in Biometrics},
volume={4642},
series={Lecture Notes in Computer Science},
editor={Lee, Seong-Whan and Li, StanZ.},
doi={10.1007/978-3-540-74549-5_87},
title={Learning Multi-scale Block Local Binary Patterns for Face Recognition},
url={http://dx.doi.org/10.1007/978-3-540-74549-5_87},
publisher={Springer Berlin Heidelberg},
keywords={LBP; MB-LBP; Face Recognition; AdaBoost},
author={Liao, Shengcai and Zhu, Xiangxin and Lei, Zhen and Zhang, Lun and Li, StanZ.},
pages={828-837},
language={English}
}

@InProceedings{Rusu_ICRA2011_PCL,
  author    = {Radu Bogdan Rusu and Steve Cousins},
  title     = {{3D is here: Point Cloud Library (PCL)}},
  booktitle = {{IEEE International Conference on Robotics and Automation (ICRA)}},
  month     = {May 9-13},
  year      = {2011},
  address   = {Shanghai, China}
}




@inproceedings{SSRR07-JacobsAutonomy,
   author = {Pathak, Kaustubh and Birk, Andreas and Schwertfeger, S{\"o}ren and Delchev, Ivan and Markov, Stefan},
   title = {Fully Autonomous Operations of a Jacobs Rugbot in the RoboCup Rescue Robot League 2006},
   booktitle = {International Workshop on Safety, Security, and Rescue Robotics (SSRR)},
   publisher = {IEEE Press},
   year = {2007}
}


@inproceedings{SSRR11-FiducialMapMetric,
   author = {Schwertfeger, S{\"o}ren and Jacoff, Adam and Pellenz, Johannes and Birk, Andreas},
   title = {Using a Fiducial Map Metric for Assessing Map Quality in the context of RoboCup Rescue},
   booktitle = {IEEE International Symposium on Safety, Security, and Rescue Robotics (SSRR)},
   publisher = {IEEE Press},
   pages = {1-6},
   year = {2011}
}

@INPROCEEDINGS{jacoff2012robocup,
  author = {Jacoff, Adam and Sheh, Raymond and Virts, Ann-Marie and Kimura, Tetsuya
        and Pellenz, Johannes and Schwertfeger, S{\"o}ren and Suthakorn,
        Jackrit},
  title = {Using competitions to advance the development of standard test methods
        for response robots},
  booktitle = {Proceedings of the Workshop on Performance Metrics for Intelligent
        Systems},
  year = {2012},
  pages = {182--189},
  organization = {ACM}
}

@ARTICLE{sheh2012advancing,
  author = {Sheh, Raymond and Jacoff, Adam and Virts, Ann-Marie and Kimura, Tetsuya
        and Pellenz, Johannes and Schwertfeger, S{\"o}ren and Suthakorn,
        Jackrit},
  title = {Advancing the State of Urban Search and Rescue Robotics through the
        RoboCupRescue Robot League Competition},
  journal = {8th International Conference on Field and Service Robotics},
  year = {2012}
}

@INPROCEEDINGS{sheh2011robocuprescue,
  author = {Sheh, Raymond and Kimura, Tetsuya and Mihankhah, Ehsan and Pellenz,
        Johannes and Schwertfeger, Soren and Suthakorn, Jackrit},
  title = {The RoboCupRescue robot league: Guiding robots towards fieldable
        capabilities},
  booktitle = {Advanced Robotics and its Social Impacts (ARSO), 2011 IEEE Workshop
        on},
  year = {2011},
  pages = {31--34},
  organization = {IEEE}
}

@INPROCEEDINGS{Kohlbrecher_community_ssrr_2012,
  author = {Stefan Kohlbrecher and Karen Petersen and Gerald Steinbauer and Johannes
        Maurer and Peter Lepej and Suzana Uran and Rodrigo Ventura and Christian
        Dornhege and Andreas Hertle and Raymond Sheh and Johannes Pellenz},
  title = {Community-Driven Development of Standard Software Modules for Search
        and Rescue Robots},
  booktitle = {Proceedings of the 10th IEEE International Symposium on Safety Security
        and Rescue Robotics (SSRR 2012)},
  year = {2012}
}

@MISC{PellenzMappingAndMapScoring2008,
  author = {Pellenz, Johannes and Paulus, Dietrich},
  title = {{Mapping and Map Scoring at the RoboCupRescue Competition}},
  howpublished = {Quantitative Performance Evaluation of Navigation Solutions for Mobile
        Robots (RSS 2008, Workshop CD)},
  year = {2008}
}



